<?xml version="1.0" encoding="UTF-8"?><collection xmlns="http://www.loc.gov/MARC21/slim"><record><leader>00349nam--2200121-i-4500</leader><controlfield tag="001">000004789</controlfield><controlfield tag="002">20161230</controlfield><controlfield tag="005">20161230201026</controlfield><controlfield tag="008">060222s1000------------r-----000-0-eng-d</controlfield><datafield ind1=" " ind2=" " tag="100"><subfield code="a">Brumaru, Nicolae</subfield></datafield><datafield ind1=" " ind2=" " tag="245"><subfield code="a">Indreptar de analize tehnice pe baza de chimie analitica</subfield></datafield><datafield ind1=" " ind2=" " tag="260"><subfield code="a">Or.Stalin, Litografia Inst.De Mecanica, 1954. 170 P.Lito</subfield></datafield><datafield ind1=" " ind2=" " tag="852"><subfield code="a">6523</subfield></datafield></record></collection>